<record><leader>00000cas a22000007a 4500</leader><controlfield tag="001">9979883</controlfield><controlfield tag="008">831004d18381840nyudn ne      0    0eng d</controlfield><datafield ind1=" " ind2=" " tag="010"><subfield code="a">sn 83031801 </subfield></datafield><datafield ind1=" " ind2=" " tag="040"><subfield code="a">NPU</subfield><subfield code="b">eng</subfield><subfield code="c">NPU</subfield><subfield code="d">NYG</subfield><subfield code="d">NPX</subfield><subfield code="d">NYS</subfield><subfield code="d">OCL</subfield><subfield code="d">OCLCQ</subfield><subfield code="d">OCLCF</subfield><subfield code="d">OCLCO</subfield></datafield><datafield ind1="1" ind2=" " tag="029"><subfield code="a">AU@</subfield><subfield code="b">000020127820</subfield></datafield><datafield ind1=" " ind2=" " tag="042"><subfield code="a">msc</subfield></datafield><datafield ind1="0" ind2="0" tag="245"><subfield code="a">Troy daily morning mail.</subfield></datafield><datafield ind1=" " ind2=" " tag="260"><subfield code="a">Troy, N.Y. :</subfield><subfield code="b">Tuttle, Belcher &amp; Burton,</subfield><subfield code="c">1838-</subfield></datafield><datafield ind1=" " ind2=" " tag="300"><subfield code="a">v. ;</subfield><subfield code="c">53 cm.</subfield></datafield><datafield ind1=" " ind2=" " tag="310"><subfield code="a">Daily (except Sun.)</subfield></datafield><datafield ind1="0" ind2=" " tag="362"><subfield code="a">Vol. 1, no. 206 (July 18, 1838)-</subfield></datafield><datafield ind1="1" ind2=" " tag="362"><subfield code="a">Ceased in Apr. 1840.</subfield></datafield><datafield ind1=" " ind2=" " tag="500"><subfield code="a">Editor: Alexander G. Johnson, &lt;1840&gt;.</subfield></datafield><datafield ind1=" " ind2=" " tag="500"><subfield code="a">Publishers: Norman Tuttle &amp; Franklin Belcher, &lt;1839&gt;; N. Tuttle &amp; Co., 1839-1840.</subfield></datafield><datafield ind1=" " ind2="0" tag="651"><subfield code="a">Troy (N.Y.)</subfield><subfield code="v">Newspapers.</subfield></datafield><datafield ind1=" " ind2="7" tag="655"><subfield code="a">Newspapers.</subfield><subfield code="2">fast</subfield><subfield code="0">(OCoLC)fst01423814</subfield></datafield><datafield ind1=" " ind2="7" tag="651"><subfield code="a">New York (State)</subfield><subfield code="z">Troy.</subfield><subfield code="2">fast</subfield><subfield code="0">(OCoLC)fst01202806</subfield></datafield><datafield ind1=" " ind2=" " tag="752"><subfield code="a">United States</subfield><subfield code="b">New York</subfield><subfield code="c">Rensselaer</subfield><subfield code="d">Troy.</subfield></datafield><datafield ind1="0" ind2=" " tag="775"><subfield code="t">Troy weekly mail</subfield></datafield><datafield ind1="0" ind2="0" tag="780"><subfield code="t">Troy morning mail</subfield><subfield code="w">(DLC)sn 83031802</subfield></datafield><datafield ind1="0" ind2="0" tag="785"><subfield code="t">Troy daily mail</subfield><subfield code="w">(DLC)sn 84035886</subfield></datafield></record>